[gd_scene load_steps=18 format=2]

[ext_resource path="res://assets/Quarantine_room/task/c/source/versie 2.fbx" type="PackedScene" id=1]
[ext_resource path="res://assets/Quarantine_room/task/c/source/Proteins.material" type="Material" id=2]
[ext_resource path="res://assets/Quarantine_room/task/c/source/Mitochondria_inside.material" type="Material" id=3]
[ext_resource path="res://assets/Quarantine_room/task/c/source/Nuclear_pores.material" type="Material" id=4]
[ext_resource path="res://assets/Quarantine_room/task/c/source/Ribosomes.material" type="Material" id=5]
[ext_resource path="res://assets/Quarantine_room/task/c/source/Rna.material" type="Material" id=6]
[ext_resource path="res://assets/Quarantine_room/task/c/source/Nucleolus.material" type="Material" id=7]
[ext_resource path="res://assets/Quarantine_room/task/c/source/Centrioles.material" type="Material" id=8]
[ext_resource path="res://assets/Quarantine_room/task/c/source/Lysosome.material" type="Material" id=9]
[ext_resource path="res://assets/Quarantine_room/task/c/source/Heterochromatin.material" type="Material" id=10]
[ext_resource path="res://assets/Quarantine_room/task/c/source/Nucleus_membrane.material" type="Material" id=11]
[ext_resource path="res://assets/Quarantine_room/task/c/source/Mitochondria_external_membranes.material" type="Material" id=12]
[ext_resource path="res://assets/Quarantine_room/task/c/source/Rer.material" type="Material" id=13]
[ext_resource path="res://assets/Quarantine_room/task/c/source/Endosome_external_membrane.material" type="Material" id=14]
[ext_resource path="res://assets/Quarantine_room/task/c/source/Microfilaments2.material" type="Material" id=15]
[ext_resource path="res://assets/Quarantine_room/task/c/source/Golgi.material" type="Material" id=16]
[ext_resource path="res://assets/Quarantine_room/task/c/source/Cell_membrane2.material" type="Material" id=17]


[node name="versie 2" instance=ExtResource( 1 )]
transform = Transform( 1.32716e-13, 8.14603e-07, -5, 5, -8.14603e-07, 0, -8.14603e-07, -5, -8.14603e-07, 0, 0.224891, 0 )

[node name="Nucleolus2" parent="." index="0"]
material/0 = ExtResource( 7 )

[node name="Rer2" parent="." index="1"]
material/0 = ExtResource( 13 )

[node name="Microfilaments3" parent="." index="2"]
skeleton = NodePath("")
material/0 = ExtResource( 15 )

[node name="Golgi2" parent="." index="3"]
material/0 = ExtResource( 16 )

[node name="Lysosome_content2" parent="." index="4"]
material/0 = ExtResource( 9 )

[node name="Heterochromatin2" parent="." index="5"]
material/0 = ExtResource( 10 )

[node name="Cell_membrane3" parent="." index="7"]
transform = Transform( 1, 0, 0, 0, 1, 0, 0, 0, 1, -9.27225e-06, 0.000477719, -0.000331193 )
material/0 = ExtResource( 17 )

[node name="Lysosome2" parent="." index="8"]
material/0 = ExtResource( 9 )

[node name="Ribosomes2" parent="." index="9"]
material/0 = ExtResource( 5 )

[node name="Centrioles2" parent="." index="11"]
material/0 = ExtResource( 8 )

[node name="Nuclear_pores2" parent="." index="12"]
material/0 = ExtResource( 4 )

[node name="Nucleus_membrane2" parent="." index="13"]
material/0 = ExtResource( 11 )

[node name="Microfilaments4" parent="." index="14"]
material/0 = ExtResource( 15 )

[node name="Proteins2" parent="." index="15"]
material/0 = ExtResource( 2 )

[node name="Mitochondria_external_membranes2" parent="." index="16"]
material/0 = ExtResource( 12 )

[node name="Endosome_external_membrane2" parent="." index="17"]
material/0 = ExtResource( 14 )

[node name="Mitochondria_inside2" parent="." index="18"]
material/0 = ExtResource( 3 )

[node name="Rna2" parent="." index="19"]
material/0 = ExtResource( 6 )
